@article{Kevrekidis-2021,
	author = {Kevrekidis, P. and Cuevas-Maraver, J. and Drossinos, Yannis and Rapti, Z. and Kevrekidis, G.},
	year = {2021},
	month = {April},
	pages = {},
	title = {Spatial Modeling of COVID-19: Greece and Andalusia as Case Examples},
	journal={Physical Review E},
	publisher={American Physical Society (APS)}
}

@misc{Chicago-cases,
	author = {{City of Chicago}},
	title = {Daily Chicago COVID-19 Cases, Deaths, and Hospitalizations},
	year = {2021},
	note = {Data retrieved from Chicago Data Portal, 
	\url{https://data.cityofchicago.org/Health-Human-Services/Daily-Chicago-COVID-19-Cases-Deaths-and-Hospitaliz/kxzd-kd6a}},
}

@article{Drossinos_2020,
	author = {Yannis Drossinos and Nikolaos I. Stilianakis},
	title = {What aerosol physics tells us about airborne pathogen transmission},
	journal = {Aerosol Science and Technology},
	volume = {54},
	number = {6},
	pages = {639-643},
	year  = {2020},
	publisher = {Taylor & Francis},
	DOI = {10.1080/02786826.2020.1751055},
	URL = {https://doi.org/10.1080/02786826.2020.1751055},
	eprint = {https://doi.org/10.1080/02786826.2020.1751055}
}

@misc{phase-5,
	author = {{Illinois.gov}},
	title = {{Gov. Pritzker issues guidelines for Illinois reopening on June 11}},
	howpublished = {Press Release},
	month = {June},
	year = {2021},
	note = {\url{https://www.illinois.gov/news/press-release.23399.html8}}
}

@misc{mask-lift,
	author = {{Illinois.gov}},
	title = {{Gov. Pritzker aligns Illinois mask guidance with CDC for fully vaccinated people}},
	howpublished = {Press Release},
	month = {May},
	year = {2021},
	note = {\url{https://www.illinois.gov/news/press-release.23322.html}}
}

@misc{full-vax,
	author = {{Illinois.gov}},
	title = {{Gov. Pritzker announces metrics-based pathway for Illinois to fully reopen; expands vaccine eligibility to all residents 16+ on April 12}},
	howpublished = {Press Release},
	month = {March},
	year = {2021},
	note = {\url{https://www.illinois.gov/news/press-release.22961.html}}
}

@misc{start-vax,
	author = {{Illinois.gov}},
	title = {{United Center vaccination appointments open Thursday for Illinois seniors}},
	howpublished = {Press Release},
	month = {March},
	year = {2021},
	note = {\url{https://www.illinois.gov/news/press-release.22868.html}}
}

@misc{phase-4,
	author = {{Illinois.gov}},
	title = {{Gov. Pritzker releases guidelines to safely reopen additional businesses and industries as state advances to next phase of restore Illinois}},
	howpublished = {Press Release},
	month = {June},
	year = {2020},
	note = {\url{https://www.illinois.gov/news/press-release.21714.html}}
}

@article{phase-3,
	title={{Mayor Lori Lightfoot says Chicago will move to phase 3 of her reopening plan on June 3 but warns: ‘COVID-19 is still very much part of our present’}},
	note={\url{https://www.chicagotribune.com/coronavirus/ct-coronavirus-chicago-lightfoot-reopening-20200528-cefwiuidwnfd7a57m25uavq6me-story.html}},
	journal={Chicago Tribune},
	publisher={Tribune Publishing},
	author={Byrne, John and Petrella, Dan and Lukach, Adam},
	year={2020},
	month={May}
}

@article{phase-2,
	title = {{Read the full ‘restore Illinois' plan aimed at reopening the state during coronavirus}},
	note={\url{https://www.nbcchicago.com/news/coronavirus/read-the-full-restore-illinois-plan-aimed-at-reopening-the-state-during-coronavirus/2267039/}},
	journal={NBC Chicago},
	publisher={NBCUniversal Media},
	year={2020},
	month={May}
}
}