@article{Wang_2020,
	title={Field theory of reaction-diffusion: Law of mass action with an energetic variational approach},
	volume={102},
	ISSN={2470-0053},
	url={http://dx.doi.org/10.1103/PhysRevE.102.062147},
	DOI={10.1103/physreve.102.062147},
	number={6},
	journal={Physical Review E},
	publisher={American Physical Society (APS)},
	author={Wang, Yiwei and Liu, Chun and Liu, Pei and Eisenberg, Bob},
	year={2020},
	month={Dec}
}

@article{Kevrekidis_2021,
	author = {Kevrekidis, P. and Cuevas-Maraver, J. and Drossinos, Yannis and Rapti, Z. and Kevrekidis, G.},
	year = {2021},
	month = {April},
	pages = {},
	title = {Spatial Modeling of COVID-19: Greece and Andalusia as Case Examples},
	journal={Physical Review E},
	publisher={American Physical Society (APS)}
}